<record xmlns:xsi="http://www.w3.org/2001/XMLSchema-instance" xmlns="http://www.loc.gov/MARC21/slim" xsi:schemaLocation="http://www.loc.gov/MARC21/slim http://www.loc.gov/standards/marcxml/schema/MARC21slim.xsd">

  <leader>00492nam a2200157Ia 4500</leader>
  <datafield tag="999" ind2=" " ind1=" ">
    <subfield code="c">1689</subfield>
    <subfield code="d">1689</subfield>
  </datafield>
  <controlfield tag="008">180404b2003    p  ||||| |||| 00| | spa d</controlfield>
  <datafield ind2=" " tag="090" ind1=" ">
    <subfield code="a">06.03.04 </subfield>
    <subfield code="b">1575</subfield>
  </datafield>
  <datafield ind1="2" tag="110" ind2=" ">
    <subfield code="a">Tribunal Electoral de Panamá</subfield>
    <subfield code="9">3539</subfield>
  </datafield>
  <datafield ind2="3" tag="245" ind1="1">
    <subfield code="a">La fiesta electoral / </subfield>
    <subfield code="c">Tribunal Electoral de Panamá</subfield>
  </datafield>
  <datafield ind1=" " tag="260" ind2=" ">
    <subfield code="a">Panamá : </subfield>
    <subfield code="b">Departamento de Imprenta del Tribunal Electoral, </subfield>
    <subfield code="c">2003</subfield>
  </datafield>
  <datafield tag="300" ind2=" " ind1=" ">
    <subfield code="a">42 páginas</subfield>
  </datafield>
  <datafield ind2="4" tag="650" ind1="1">
    <subfield code="a">EDUCACIÓN CÍVICA</subfield>
    <subfield code="9">1363</subfield>
  </datafield>
  <datafield ind1="1" ind2="4" tag="650">
    <subfield code="a">DOCENTES</subfield>
    <subfield code="9">331</subfield>
  </datafield>
  <datafield ind1=" " tag="942" ind2=" ">
    <subfield code="2">z</subfield>
    <subfield code="c">01</subfield>
  </datafield>
</record>